%YAML 1.1
%TAG !u! tag:unity3d.com,2011:
--- !u!1 &176047626096783599
GameObject:
  m_ObjectHideFlags: 0
  m_CorrespondingSourceObject: {fileID: 0}
  m_PrefabInstance: {fileID: 0}
  m_PrefabAsset: {fileID: 0}
  serializedVersion: 6
  m_Component:
  - component: {fileID: 7808933448563816524}
  - component: {fileID: 1327824057512882172}
  m_Layer: 0
  m_Name: BoxAttackDetection
  m_TagString: Untagged
  m_Icon: {fileID: 0}
  m_NavMeshLayer: 0
  m_StaticEditorFlags: 0
  m_IsActive: 0
--- !u!4 &7808933448563816524
Transform:
  m_ObjectHideFlags: 0
  m_CorrespondingSourceObject: {fileID: 0}
  m_PrefabInstance: {fileID: 0}
  m_PrefabAsset: {fileID: 0}
  m_GameObject: {fileID: 176047626096783599}
  m_LocalRotation: {x: 0, y: 0, z: 0, w: 1}
  m_LocalPosition: {x: 0, y: 0, z: 28.69}
  m_LocalScale: {x: 1, y: 1, z: 1}
  m_Children: []
  m_Father: {fileID: 6734486879397483107}
  m_RootOrder: 1
  m_LocalEulerAnglesHint: {x: 0, y: 0, z: 0}
--- !u!65 &1327824057512882172
BoxCollider:
  m_ObjectHideFlags: 0
  m_CorrespondingSourceObject: {fileID: 0}
  m_PrefabInstance: {fileID: 0}
  m_PrefabAsset: {fileID: 0}
  m_GameObject: {fileID: 176047626096783599}
  m_Material: {fileID: 0}
  m_IsTrigger: 1
  m_Enabled: 1
  serializedVersion: 2
  m_Size: {x: 75.02, y: 51.2, z: 128}
  m_Center: {x: 0, y: 0, z: 0}
--- !u!1 &6734486878489014077
GameObject:
  m_ObjectHideFlags: 0
  m_CorrespondingSourceObject: {fileID: 0}
  m_PrefabInstance: {fileID: 0}
  m_PrefabAsset: {fileID: 0}
  serializedVersion: 6
  m_Component:
  - component: {fileID: 6734486878489014076}
  m_Layer: 0
  m_Name: Head
  m_TagString: Phoenix
  m_Icon: {fileID: 0}
  m_NavMeshLayer: 0
  m_StaticEditorFlags: 0
  m_IsActive: 1
--- !u!4 &6734486878489014076
Transform:
  m_ObjectHideFlags: 0
  m_CorrespondingSourceObject: {fileID: 0}
  m_PrefabInstance: {fileID: 0}
  m_PrefabAsset: {fileID: 0}
  m_GameObject: {fileID: 6734486878489014077}
  m_LocalRotation: {x: -0.7070285, y: 0.03008296, z: 0.7059233, w: 0.029630784}
  m_LocalPosition: {x: -3.729971, y: 0.7697685, z: -0.015262142}
  m_LocalScale: {x: 0.5, y: 0.50000006, z: 0.5000002}
  m_Children: []
  m_Father: {fileID: 3493230151568912130}
  m_RootOrder: 0
  m_LocalEulerAnglesHint: {x: 0, y: 0, z: 0}
--- !u!1 &6734486879397483104
GameObject:
  m_ObjectHideFlags: 0
  m_CorrespondingSourceObject: {fileID: 0}
  m_PrefabInstance: {fileID: 0}
  m_PrefabAsset: {fileID: 0}
  serializedVersion: 6
  m_Component:
  - component: {fileID: 6734486879397483107}
  - component: {fileID: 6734486879397483110}
  - component: {fileID: 6734486879397483111}
  - component: {fileID: 6734486879397483108}
  - component: {fileID: 6734486879397483109}
  - component: {fileID: 6734486879397483106}
  - component: {fileID: 6734486879397483416}
  - component: {fileID: 6734486879397483419}
  - component: {fileID: 6734486879397483418}
  - component: {fileID: 6734486879397483421}
  - component: {fileID: 6734486879397483417}
  - component: {fileID: 6734486879397483420}
  - component: {fileID: 1539432057890626337}
  - component: {fileID: 887655679}
  m_Layer: 0
  m_Name: Traveler
  m_TagString: Phoenix
  m_Icon: {fileID: 0}
  m_NavMeshLayer: 0
  m_StaticEditorFlags: 0
  m_IsActive: 1
--- !u!4 &6734486879397483107
Transform:
  m_ObjectHideFlags: 0
  m_CorrespondingSourceObject: {fileID: 0}
  m_PrefabInstance: {fileID: 0}
  m_PrefabAsset: {fileID: 0}
  m_GameObject: {fileID: 6734486879397483104}
  m_LocalRotation: {x: 0, y: 0, z: 0, w: 1}
  m_LocalPosition: {x: 75.7, y: 908.2, z: 455.9}
  m_LocalScale: {x: 1, y: 1, z: 1}
  m_Children:
  - {fileID: 1733605396050002591}
  - {fileID: 7808933448563816524}
  m_Father: {fileID: 0}
  m_RootOrder: 0
  m_LocalEulerAnglesHint: {x: 0, y: 0, z: 0}
--- !u!143 &6734486879397483110
CharacterController:
  m_ObjectHideFlags: 0
  m_CorrespondingSourceObject: {fileID: 0}
  m_PrefabInstance: {fileID: 0}
  m_PrefabAsset: {fileID: 0}
  m_GameObject: {fileID: 6734486879397483104}
  m_Material: {fileID: 0}
  m_IsTrigger: 0
  m_Enabled: 1
  serializedVersion: 2
  m_Height: 2
  m_Radius: 0.5
  m_SlopeLimit: 45
  m_StepOffset: 0.3
  m_SkinWidth: 0.08
  m_MinMoveDistance: 0.001
  m_Center: {x: 0, y: 0, z: 0}
--- !u!114 &6734486879397483111
MonoBehaviour:
  m_ObjectHideFlags: 0
  m_CorrespondingSourceObject: {fileID: 0}
  m_PrefabInstance: {fileID: 0}
  m_PrefabAsset: {fileID: 0}
  m_GameObject: {fileID: 6734486879397483104}
  m_Enabled: 1
  m_EditorHideFlags: 0
  m_Script: {fileID: 11500000, guid: 373b52eb9bf8c40f785bb6947a1aee66, type: 3}
  m_Name: 
  m_EditorClassIdentifier: 
  version: 1
  drawGizmos: 1
  detailedGizmos: 0
  startEndModifier:
    addPoints: 0
    exactStartPoint: 4
    exactEndPoint: 4
    useRaycasting: 0
    mask:
      serializedVersion: 2
      m_Bits: 4294967295
    useGraphRaycasting: 0
  traversableTags: -1
  tagPenalties: 0000000000000000000000000000000000000000000000000000000000000000000000000000000000000000000000000000000000000000000000000000000000000000000000000000000000000000000000000000000000000000000000000000000000000000000000000000000000000000000000000000000000000000
  graphMask:
    value: -1
--- !u!114 &6734486879397483108
MonoBehaviour:
  m_ObjectHideFlags: 0
  m_CorrespondingSourceObject: {fileID: 0}
  m_PrefabInstance: {fileID: 0}
  m_PrefabAsset: {fileID: 0}
  m_GameObject: {fileID: 6734486879397483104}
  m_Enabled: 1
  m_EditorHideFlags: 0
  m_Script: {fileID: 11500000, guid: cb6a34d769a1e4ac7b0b30e433aa443c, type: 3}
  m_Name: 
  m_EditorClassIdentifier: 
  version: 1
  smoothType: 0
  subdivisions: 2
  iterations: 4
  strength: 0.5
  uniformLength: 1
  maxSegmentLength: 2
  bezierTangentLength: 0.4
  offset: 0.2
  factor: 0.1
--- !u!114 &6734486879397483109
MonoBehaviour:
  m_ObjectHideFlags: 0
  m_CorrespondingSourceObject: {fileID: 0}
  m_PrefabInstance: {fileID: 0}
  m_PrefabAsset: {fileID: 0}
  m_GameObject: {fileID: 6734486879397483104}
  m_Enabled: 1
  m_EditorHideFlags: 0
  m_Script: {fileID: 11500000, guid: 847a14d4dc9cc43679ab34fc78e0182f, type: 3}
  m_Name: 
  m_EditorClassIdentifier: 
  version: 2
  repathRate: 0.5
  canSearch: 1
  canMove: 1
  speed: 100
  orientation: 0
  enableRotation: 1
  rotationSpeed: 10
  interpolatePathSwitches: 1
  switchPathInterpolationSpeed: 5
  targetCompatibility: {fileID: 0}
--- !u!114 &6734486879397483106
MonoBehaviour:
  m_ObjectHideFlags: 0
  m_CorrespondingSourceObject: {fileID: 0}
  m_PrefabInstance: {fileID: 0}
  m_PrefabAsset: {fileID: 0}
  m_GameObject: {fileID: 6734486879397483104}
  m_Enabled: 1
  m_EditorHideFlags: 0
  m_Script: {fileID: 11500000, guid: c9679e68a0f1144e79c664d9a11ca121, type: 3}
  m_Name: 
  m_EditorClassIdentifier: 
  version: 1
  target: {fileID: 0}
--- !u!114 &6734486879397483416
MonoBehaviour:
  m_ObjectHideFlags: 0
  m_CorrespondingSourceObject: {fileID: 0}
  m_PrefabInstance: {fileID: 0}
  m_PrefabAsset: {fileID: 0}
  m_GameObject: {fileID: 6734486879397483104}
  m_Enabled: 1
  m_EditorHideFlags: 0
  m_Script: {fileID: 11500000, guid: b65bd4fc742b25146afa8abc1158d55d, type: 3}
  m_Name: 
  m_EditorClassIdentifier: 
  speed: 0
  raycastAngle: 0.05
  obstacleDistanceDetect: 40
  iteration: 20
  target: {fileID: 0}
--- !u!114 &6734486879397483419
MonoBehaviour:
  m_ObjectHideFlags: 0
  m_CorrespondingSourceObject: {fileID: 0}
  m_PrefabInstance: {fileID: 0}
  m_PrefabAsset: {fileID: 0}
  m_GameObject: {fileID: 6734486879397483104}
  m_Enabled: 1
  m_EditorHideFlags: 0
  m_Script: {fileID: 11500000, guid: f74a263544c6d974d960129218703820, type: 3}
  m_Name: 
  m_EditorClassIdentifier: 
  ChargingNova: {fileID: 4025692153574439080, guid: 7ddac2fc3d2ecb24387bc80191ca54e0,
    type: 3}
  NovaParticles: {fileID: 5648099525296128613, guid: d591b4cb397a7fa4fb5d9640626f7dbd,
    type: 3}
  NovaSphere: {fileID: 192537387433217388, guid: 97e9df657d488104889a738afb22e89c,
    type: 3}
  Head: {fileID: 6734486878489014076}
  NovaExists: 0
  _chargingTime: 3
  _speedNova: 5
  UiNovaIndicator: {fileID: 0}
  _opacityMax: 0.5
  colorIndicator: {r: 0.7058824, g: 0, b: 0, a: 0}
  _speedFadeIn: 0.1
  _speedFadeOut: 0.2
--- !u!114 &6734486879397483418
MonoBehaviour:
  m_ObjectHideFlags: 0
  m_CorrespondingSourceObject: {fileID: 0}
  m_PrefabInstance: {fileID: 0}
  m_PrefabAsset: {fileID: 0}
  m_GameObject: {fileID: 6734486879397483104}
  m_Enabled: 1
  m_EditorHideFlags: 0
  m_Script: {fileID: 11500000, guid: 96944e24e3dee4f4baea4c2cd6e08542, type: 3}
  m_Name: 
  m_EditorClassIdentifier: 
  fireballPrefab: {fileID: 7357188048736597577, guid: f21775a91c1bd274a8cfd249349647f1,
    type: 3}
  head: {fileID: 6734486878489014076}
  nbrOfBalls: 7
  shootRate: 0.3
  ballSpeed: 15
  angleRangeShoot: 0.475
--- !u!114 &6734486879397483421
MonoBehaviour:
  m_ObjectHideFlags: 0
  m_CorrespondingSourceObject: {fileID: 0}
  m_PrefabInstance: {fileID: 0}
  m_PrefabAsset: {fileID: 0}
  m_GameObject: {fileID: 6734486879397483104}
  m_Enabled: 1
  m_EditorHideFlags: 0
  m_Script: {fileID: 11500000, guid: 5c721f184359f524dafc3b01d508a659, type: 3}
  m_Name: 
  m_EditorClassIdentifier: 
  _distanceToAttack: 20
  boxCollisionDetection: {fileID: 176047626096783599}
--- !u!114 &6734486879397483417
MonoBehaviour:
  m_ObjectHideFlags: 0
  m_CorrespondingSourceObject: {fileID: 0}
  m_PrefabInstance: {fileID: 0}
  m_PrefabAsset: {fileID: 0}
  m_GameObject: {fileID: 6734486879397483104}
  m_Enabled: 1
  m_EditorHideFlags: 0
  m_Script: {fileID: 11500000, guid: 12c69dab8434b1945aee2c9ff505b650, type: 3}
  m_Name: 
  m_EditorClassIdentifier: 
  speed: 60
  target: {fileID: 0}
  automaticChangeDeplacementMode: 0
  distanceToSwitch: 100
  node: {fileID: 0}
  mesh: {fileID: 3338391307349667980}
  state: 2
  cooldownBeforeTwoConsecutiveAttack: 10
--- !u!114 &6734486879397483420
MonoBehaviour:
  m_ObjectHideFlags: 0
  m_CorrespondingSourceObject: {fileID: 0}
  m_PrefabInstance: {fileID: 0}
  m_PrefabAsset: {fileID: 0}
  m_GameObject: {fileID: 6734486879397483104}
  m_Enabled: 1
  m_EditorHideFlags: 0
  m_Script: {fileID: 11500000, guid: 1e15d0bf9cca41648b424f8c76bae850, type: 3}
  m_Name: 
  m_EditorClassIdentifier: 
  textStateIA: {fileID: 0}
  textInfoBoss: {fileID: 0}
--- !u!114 &1539432057890626337
MonoBehaviour:
  m_ObjectHideFlags: 0
  m_CorrespondingSourceObject: {fileID: 0}
  m_PrefabInstance: {fileID: 0}
  m_PrefabAsset: {fileID: 0}
  m_GameObject: {fileID: 6734486879397483104}
  m_Enabled: 0
  m_EditorHideFlags: 0
  m_Script: {fileID: 11500000, guid: 13a02b8fbf15561409eef0fecfd19993, type: 3}
  m_Name: 
  m_EditorClassIdentifier: 
  _phoenixLife: 50
  _maxHealHP: 5
  _maxLifeToHeal: 40
  _healSpeed: 1
  isHealing: 0
  _arrowDamage: 2
--- !u!54 &887655679
Rigidbody:
  m_ObjectHideFlags: 0
  m_CorrespondingSourceObject: {fileID: 0}
  m_PrefabInstance: {fileID: 0}
  m_PrefabAsset: {fileID: 0}
  m_GameObject: {fileID: 6734486879397483104}
  serializedVersion: 2
  m_Mass: 0.0000001
  m_Drag: 0
  m_AngularDrag: 0
  m_UseGravity: 0
  m_IsKinematic: 1
  m_Interpolate: 0
  m_Constraints: 0
  m_CollisionDetection: 3
--- !u!1001 &1317323629323884414
PrefabInstance:
  m_ObjectHideFlags: 0
  serializedVersion: 2
  m_Modification:
    m_TransformParent: {fileID: 6734486879397483107}
    m_Modifications:
    - target: {fileID: 740580664051946977, guid: 30af519fced7a1a40a210f1242a3de01,
        type: 3}
      propertyPath: m_LocalPosition.x
      value: 0
      objectReference: {fileID: 0}
    - target: {fileID: 740580664051946977, guid: 30af519fced7a1a40a210f1242a3de01,
        type: 3}
      propertyPath: m_LocalPosition.y
      value: -10.4
      objectReference: {fileID: 0}
    - target: {fileID: 740580664051946977, guid: 30af519fced7a1a40a210f1242a3de01,
        type: 3}
      propertyPath: m_LocalPosition.z
      value: 0
      objectReference: {fileID: 0}
    - target: {fileID: 740580664051946977, guid: 30af519fced7a1a40a210f1242a3de01,
        type: 3}
      propertyPath: m_LocalRotation.x
      value: 0
      objectReference: {fileID: 0}
    - target: {fileID: 740580664051946977, guid: 30af519fced7a1a40a210f1242a3de01,
        type: 3}
      propertyPath: m_LocalRotation.y
      value: 0
      objectReference: {fileID: 0}
    - target: {fileID: 740580664051946977, guid: 30af519fced7a1a40a210f1242a3de01,
        type: 3}
      propertyPath: m_LocalRotation.z
      value: 0
      objectReference: {fileID: 0}
    - target: {fileID: 740580664051946977, guid: 30af519fced7a1a40a210f1242a3de01,
        type: 3}
      propertyPath: m_LocalRotation.w
      value: 1
      objectReference: {fileID: 0}
    - target: {fileID: 740580664051946977, guid: 30af519fced7a1a40a210f1242a3de01,
        type: 3}
      propertyPath: m_RootOrder
      value: 0
      objectReference: {fileID: 0}
    - target: {fileID: 740580664051946977, guid: 30af519fced7a1a40a210f1242a3de01,
        type: 3}
      propertyPath: m_LocalEulerAnglesHint.x
      value: 0
      objectReference: {fileID: 0}
    - target: {fileID: 740580664051946977, guid: 30af519fced7a1a40a210f1242a3de01,
        type: 3}
      propertyPath: m_LocalEulerAnglesHint.y
      value: 0
      objectReference: {fileID: 0}
    - target: {fileID: 740580664051946977, guid: 30af519fced7a1a40a210f1242a3de01,
        type: 3}
      propertyPath: m_LocalEulerAnglesHint.z
      value: 0
      objectReference: {fileID: 0}
    - target: {fileID: 2651776751992447621, guid: 30af519fced7a1a40a210f1242a3de01,
        type: 3}
      propertyPath: m_TagString
      value: Phoenix
      objectReference: {fileID: 0}
    - target: {fileID: 4172764089931334392, guid: 30af519fced7a1a40a210f1242a3de01,
        type: 3}
      propertyPath: m_TagString
      value: Phoenix
      objectReference: {fileID: 0}
    - target: {fileID: 4331420403034499058, guid: 30af519fced7a1a40a210f1242a3de01,
        type: 3}
      propertyPath: m_Name
      value: Mesh_Phoenix
      objectReference: {fileID: 0}
    - target: {fileID: 4331420403034499058, guid: 30af519fced7a1a40a210f1242a3de01,
        type: 3}
      propertyPath: m_TagString
      value: Phoenix
      objectReference: {fileID: 0}
    - target: {fileID: 5066713235500182696, guid: 30af519fced7a1a40a210f1242a3de01,
        type: 3}
      propertyPath: m_TagString
      value: Phoenix
      objectReference: {fileID: 0}
    - target: {fileID: 7277135362929135118, guid: 30af519fced7a1a40a210f1242a3de01,
        type: 3}
      propertyPath: m_LocalPosition.y
      value: 3.29
      objectReference: {fileID: 0}
    - target: {fileID: 8613053740367850634, guid: 30af519fced7a1a40a210f1242a3de01,
        type: 3}
      propertyPath: m_TagString
      value: Phoenix
      objectReference: {fileID: 0}
    - target: {fileID: 8677350502796286060, guid: 30af519fced7a1a40a210f1242a3de01,
        type: 3}
      propertyPath: m_TagString
      value: Phoenix
      objectReference: {fileID: 0}
    - target: {fileID: 8931887987174511249, guid: 30af519fced7a1a40a210f1242a3de01,
        type: 3}
      propertyPath: m_TagString
      value: Phoenix
      objectReference: {fileID: 0}
    m_RemovedComponents: []
  m_SourcePrefab: {fileID: 100100000, guid: 30af519fced7a1a40a210f1242a3de01, type: 3}
--- !u!1 &3338391307349667980 stripped
GameObject:
  m_CorrespondingSourceObject: {fileID: 4331420403034499058, guid: 30af519fced7a1a40a210f1242a3de01,
    type: 3}
  m_PrefabInstance: {fileID: 1317323629323884414}
  m_PrefabAsset: {fileID: 0}
--- !u!4 &1733605396050002591 stripped
Transform:
  m_CorrespondingSourceObject: {fileID: 740580664051946977, guid: 30af519fced7a1a40a210f1242a3de01,
    type: 3}
  m_PrefabInstance: {fileID: 1317323629323884414}
  m_PrefabAsset: {fileID: 0}
--- !u!4 &3493230151568912130 stripped
Transform:
  m_CorrespondingSourceObject: {fileID: 2464138100988115068, guid: 30af519fced7a1a40a210f1242a3de01,
    type: 3}
  m_PrefabInstance: {fileID: 1317323629323884414}
  m_PrefabAsset: {fileID: 0}
